@book{EGamma98,
	publisher = {Addison Wesley Longman, Inc},
	title = {{Design Patterns: Elements Of Reusable Object Oriented Software}},
	year = {1998},
}
@misc{pypatterns,
    title={Python Design Patterns},
    howpublished="\url{https://python-patterns.guide/}"
}
@misc{pyglobobj,
    title={Global Object Pattern},
    howpublished="\url{https://python-patterns.guide/python/module-globals/}"
}
