@misc{objpool,
    title={Object Pool Design Pattern},
    howpublished="\url{https://codepumpkin.com/object-pool-design-pattern/}"
}

