@book{EGamma98,
	publisher = {Addison Wesley Longman, Inc},
	title = {{Design Patterns: Elements Of Reusable Object Oriented Software}},
	year = {1998},
}
@misc{pyfactmeth,
    title={Factory Method Pattern},
    howpublished="\url{https://python-patterns.guide/gang-of-four/factory-method/}"
}

